{
    "companies": [
      {
        "symbol": "TCS",
        "name": "TCS",
        "incomeStatement": {
          "date": "2024-03-30",
        "symbol": "TCS",
        "reportedCurrency": "USD",
        "cik": "0001411688",
        "fillingDate": "2024-05-28",
        "acceptedDate": "2024-05-28 06:29:38",
        "calendarYear": "2023",
        "period": "FY",
        "revenue": 847779000,
        "costOfRevenue": 403347000,
        "grossProfit": 444432000,
        "grossProfitRatio": 0.5242309611,
        "researchAndDevelopmentExpenses": 11007000,
        "generalAndAdministrativeExpenses": 441355000,
        "sellingAndMarketingExpenses": -7305000,
        "sellingGeneralAndAdministrativeExpenses": 434050000,
        "otherExpenses": -7423000,
        "operatingExpenses": 441473000,
        "costAndExpenses": 844820000,
        "interestIncome": 0,
        "interestExpense": 20672000,
        "depreciationAndAmortization": 44333000,
        "ebitda": 47292000,
        "ebitdaratio": 0.0557834058,
        "operatingIncome": 2959000,
        "operatingIncomeRatio": 0.0034902964,
        "totalOtherIncomeExpensesNet": -128365000,
        "incomeBeforeTax": -125406000,
        "incomeBeforeTaxRatio": -0.1479229846,
        "incomeTaxExpense": -22119000,
        "netIncome": -103287000,
        "netIncomeRatio": -0.1218324587,
        "eps": -2.09,
        "epsdiluted": -2.09,
        "weightedAverageShsOut": 49476871,
        "weightedAverageShsOutDil": 49476871
        },

        "balanceSheet": {
         "date": "2024-03-30",
        "symbol": "TCS",
        "reportedCurrency": "USD",
        "cik": "0001411688",
        "fillingDate": "2024-05-28",
        "acceptedDate": "2024-05-28 06:29:38",
        "calendarYear": "2023",
        "period": "FY",
        "cashAndCashEquivalents": 21000000,
        "shortTermInvestments": 0,
        "cashAndShortTermInvestments": 21000000,
        "netReceivables": 27128000,
        "inventory": 158434000,
        "otherCurrentAssets": 23986000,
        "totalCurrentAssets": 230548000,
        "propertyPlantEquipmentNet": 555590000,
        "goodwill": 0,
        "intangibleAssets": 146449000,
        "goodwillAndIntangibleAssets": 146449000,
        "longTermInvestments": 0,
        "taxAssets": 393000,
        "otherNonCurrentAssets": 3385000,
        "totalNonCurrentAssets": 705817000,
        "otherAssets": 0,
        "totalAssets": 936365000,
        "accountPayables": 59873000,
        "shortTermDebt": 62858000,
        "taxPayables": 280000,
        "deferredRevenue": 14385000,
        "otherCurrentLiabilities": 55971000,
        "totalCurrentLiabilities": 193087000,
        "longTermDebt": 174611000,
        "deferredRevenueNonCurrent": 378524000,
        "deferredTaxLiabilitiesNonCurrent": 24185000,
        "otherNonCurrentLiabilities": 6267000,
        "totalNonCurrentLiabilities": 583587000,
        "otherLiabilities": 0,
        "capitalLeaseObligations": 378524000,
        "totalLiabilities": 776674000,
        "preferredStock": 0,
        "commonStock": 496000,
        "retainedEarnings": -681289000,
        "accumulatedOtherComprehensiveIncomeLoss": -33442999,
        "othertotalStockholdersEquity": 873926999,
        "totalStockholdersEquity": 159691000,
        "totalEquity": 159691000,
        "totalLiabilitiesAndStockholdersEquity": 936365000,
        "minorityInterest": 0,
        "totalLiabilitiesAndTotalEquity": 936365000,
        "totalInvestments": 0,
        "totalDebt": 615993000,
        "netDebt": 594993000
        }
      },
      {
        "symbol": "INFY",
        "name": "Infosys",
        "incomeStatement": {
            "date": "2024-03-31",
            "symbol": "INFY",
            "reportedCurrency": "USD",
            "cik": "0001067491",
            "fillingDate": "2024-06-24",
            "acceptedDate": "2024-06-24 15:37:30",
            "calendarYear": "2023",
            "period": "FY",
            "revenue": 18561028121,
            "costOfRevenue": 13698707902,
            "grossProfit": 4862320219,
            "grossProfitRatio": 0.2619639487,
            "researchAndDevelopmentExpenses": 135037609,
            "generalAndAdministrativeExpenses": 1410000000,
            "sellingAndMarketingExpenses": 168000000,
            "sellingGeneralAndAdministrativeExpenses": 779908626,
            "otherExpenses": -48434779,
            "operatingExpenses": 963381015,
            "costAndExpenses": 14662088915,
            "interestIncome": 487000000,
            "interestExpense": 56000000,
            "depreciationAndAmortization": 565032143,
            "ebitda": 4463971340,
            "ebitdaratio": 0.2405023747,
            "operatingIncome": 3898939200,
            "operatingIncomeRatio": 0.210060519,
            "totalOtherIncomeExpensesNet": 447870717,
            "incomeBeforeTax": 4346809917,
            "incomeBeforeTaxRatio": 0.2341901477,
            "incomeTaxExpense": 1176445720,
            "netIncome": 3167000000,
            "netIncomeRatio": 0.1706263241,
            "eps": 0.77,
            "epsdiluted": 0.76,
            "weightedAverageShsOut": 4138568089,
            "weightedAverageShsOutDil": 4144680424
        },
        "balanceSheet": {
          "date": "2024-03-31",
        "symbol": "INFY",
        "reportedCurrency": "USD",
        "cik": "0001067491",
        "fillingDate": "2024-06-24",
        "acceptedDate": "2024-06-24 15:37:30",
        "calendarYear": "2023",
        "period": "FY",
        "cashAndCashEquivalents": 2076796259,
        "shortTermInvestments": 1548514732,
        "cashAndShortTermInvestments": 3625310991,
        "netReceivables": 5267468001,
        "inventory": 43000000,
        "otherCurrentAssets": 1763256497,
        "totalCurrentAssets": 10656035490,
        "propertyPlantEquipmentNet": 2322472347,
        "goodwill": 875633224,
        "intangibleAssets": 167000000,
        "goodwillAndIntangibleAssets": 1042000000,
        "longTermInvestments": 1627289349,
        "taxAssets": 54434819,
        "otherNonCurrentAssets": 821733103,
        "totalNonCurrentAssets": 5867929618,
        "otherAssets": 0,
        "totalAssets": 16523965108,
        "accountPayables": 474326309,
        "shortTermDebt": 234885045,
        "taxPayables": 429843230,
        "deferredRevenue": 880189442,
        "otherCurrentLiabilities": 3062018525,
        "totalCurrentLiabilities": 4651419321,
        "longTermDebt": 767000000,
        "deferredRevenueNonCurrent": 363089,
        "deferredTaxLiabilitiesNonCurrent": 215101465,
        "otherNonCurrentLiabilities": 283564641,
        "totalNonCurrentLiabilities": 1266029195,
        "otherLiabilities": 1,
        "capitalLeaseObligations": 767363088,
        "totalLiabilities": 5917448517,
        "preferredStock": 0,
        "commonStock": 248313899,
        "retainedEarnings": 8201792512,
        "accumulatedOtherComprehensiveIncomeLoss": 2041185815,
        "othertotalStockholdersEquity": 73858698,
        "totalStockholdersEquity": 10565150924,
        "totalEquity": 10606516590,
        "totalLiabilitiesAndStockholdersEquity": 16523965108,
        "minorityInterest": 41365666,
        "totalLiabilitiesAndTotalEquity": 16523965108,
        "totalInvestments": 3175804082,
        "totalDebt": 1002248134,
        "netDebt": -1074548125
        }
      },
      {
        "symbol": "GOOG",
        "name": "Google",
        "incomeStatement": {
         "date": "2023-12-31",
        "symbol": "GOOG",
        "reportedCurrency": "USD",
        "cik": "0001652044",
        "fillingDate": "2024-01-31",
        "acceptedDate": "2024-01-30 21:43:43",
        "calendarYear": "2023",
        "period": "FY",
        "revenue": 307394000000,
        "costOfRevenue": 133332000000,
        "grossProfit": 174062000000,
        "grossProfitRatio": 0.5662504798,
        "researchAndDevelopmentExpenses": 45427000000,
        "generalAndAdministrativeExpenses": 16425000000,
        "sellingAndMarketingExpenses": 27917000000,
        "sellingGeneralAndAdministrativeExpenses": 44342000000,
        "otherExpenses": 556000000,
        "operatingExpenses": 89769000000,
        "costAndExpenses": 223101000000,
        "interestIncome": 3865000000,
        "interestExpense": 308000000,
        "depreciationAndAmortization": 11946000000,
        "ebitda": 100032000000,
        "ebitdaratio": 0.3254194942,
        "operatingIncome": 84293000000,
        "operatingIncomeRatio": 0.2742181045,
        "totalOtherIncomeExpensesNet": -1424000000,
        "incomeBeforeTax": 85717000000,
        "incomeBeforeTaxRatio": 0.2788505957,
        "incomeTaxExpense": 11922000000,
        "netIncome": 73795000000,
        "netIncomeRatio": 0.2400664945,
        "eps": 5.84,
        "epsdiluted": 5.8,
        "weightedAverageShsOut": 12630000000,
        "weightedAverageShsOutDil": 12722000000
        },
        "balanceSheet": {
          "date": "2023-12-31",
        "symbol": "GOOG",
        "reportedCurrency": "USD",
        "cik": "0001652044",
        "fillingDate": "2024-01-31",
        "acceptedDate": "2024-01-30 21:43:43",
        "calendarYear": "2023",
        "period": "FY",
        "cashAndCashEquivalents": 24048000000,
        "shortTermInvestments": 86868000000,
        "cashAndShortTermInvestments": 110916000000,
        "netReceivables": 47964000000,
        "inventory": 0,
        "otherCurrentAssets": 12650000000,
        "totalCurrentAssets": 171530000000,
        "propertyPlantEquipmentNet": 148436000000,
        "goodwill": 29198000000,
        "intangibleAssets": 0,
        "goodwillAndIntangibleAssets": 29198000000,
        "longTermInvestments": 31008000000,
        "taxAssets": 12169000000,
        "otherNonCurrentAssets": 10051000000,
        "totalNonCurrentAssets": 230862000000,
        "otherAssets": 0,
        "totalAssets": 402392000000,
        "accountPayables": 7493000000,
        "shortTermDebt": 2791000000,
        "taxPayables": 2748000000,
        "deferredRevenue": 4137000000,
        "otherCurrentLiabilities": 67393000000,
        "totalCurrentLiabilities": 81814000000,
        "longTermDebt": 25713000000,
        "deferredRevenueNonCurrent": 911000000,
        "deferredTaxLiabilitiesNonCurrent": 485000000,
        "otherNonCurrentLiabilities": 10090000000,
        "totalNonCurrentLiabilities": 37199000000,
        "otherLiabilities": 0,
        "capitalLeaseObligations": 16634000000,
        "totalLiabilities": 119013000000,
        "preferredStock": 0,
        "commonStock": 76534000000,
        "retainedEarnings": 211247000000,
        "accumulatedOtherComprehensiveIncomeLoss": -4402000000,
        "othertotalStockholdersEquity": 0,
        "totalStockholdersEquity": 283379000000,
        "totalEquity": 283379000000,
        "totalLiabilitiesAndStockholdersEquity": 402392000000,
        "minorityInterest": 0,
        "totalLiabilitiesAndTotalEquity": 402392000000,
        "totalInvestments": 117876000000,
        "totalDebt": 28504000000,
        "netDebt": 4456000000
        }
      },
      {
        "symbol": "AMZN",
        "name": "Amazon.com Inc.",
        "incomeStatement": {
          "date": "2023-12-31",
        "symbol": "AMZN",
        "reportedCurrency": "USD",
        "cik": "0001018724",
        "fillingDate": "2024-02-02",
        "acceptedDate": "2024-02-01 18:48:30",
        "calendarYear": "2023",
        "period": "FY",
        "revenue": 574785000000,
        "costOfRevenue": 304739000000,
        "grossProfit": 270046000000,
        "grossProfitRatio": 0.4698208896,
        "researchAndDevelopmentExpenses": 85622000000,
        "generalAndAdministrativeExpenses": 11816000000,
        "sellingAndMarketingExpenses": 44370000000,
        "sellingGeneralAndAdministrativeExpenses": 146805000000,
        "otherExpenses": -177000000,
        "operatingExpenses": 232427000000,
        "costAndExpenses": 537933000000,
        "interestIncome": 2949000000,
        "interestExpense": 3182000000,
        "depreciationAndAmortization": 48663000000,
        "ebitda": 85515000000,
        "ebitdaratio": 0.1487773689,
        "operatingIncome": 36852000000,
        "operatingIncomeRatio": 0.064114408,
        "totalOtherIncomeExpensesNet": 705000000,
        "incomeBeforeTax": 37557000000,
        "incomeBeforeTaxRatio": 0.0653409536,
        "incomeTaxExpense": 7120000000,
        "netIncome": 30425000000,
        "netIncomeRatio": 0.0529328358,
        "eps": 2.95,
        "epsdiluted": 2.9,
        "weightedAverageShsOut": 10304000000,
        "weightedAverageShsOutDil": 10492000000
        },
        "balanceSheet": {
          "date": "2023-12-31",
        "symbol": "AMZN",
        "reportedCurrency": "USD",
        "cik": "0001018724",
        "fillingDate": "2024-02-02",
        "acceptedDate": "2024-02-01 18:48:30",
        "calendarYear": "2023",
        "period": "FY",
        "cashAndCashEquivalents": 73387000000,
        "shortTermInvestments": 13393000000,
        "cashAndShortTermInvestments": 86780000000,
        "netReceivables": 52253000000,
        "inventory": 33318000000,
        "otherCurrentAssets": 6897000000,
        "totalCurrentAssets": 172351000000,
        "propertyPlantEquipmentNet": 276690000000,
        "goodwill": 22789000000,
        "intangibleAssets": 7687000000,
        "goodwillAndIntangibleAssets": 22789000000,
        "longTermInvestments": 2206000000,
        "taxAssets": 7687000000,
        "otherNonCurrentAssets": 46131000000,
        "totalNonCurrentAssets": 355503000000,
        "otherAssets": 0,
        "totalAssets": 527854000000,
        "accountPayables": 84981000000,
        "shortTermDebt": 18945000000,
        "taxPayables": 0,
        "deferredRevenue": 15227000000,
        "otherCurrentLiabilities": 45764000000,
        "totalCurrentLiabilities": 164917000000,
        "longTermDebt": 135611000000,
        "deferredRevenueNonCurrent": 5700000000,
        "deferredTaxLiabilitiesNonCurrent": -5700000000,
        "otherNonCurrentLiabilities": 25451000000,
        "totalNonCurrentLiabilities": 161062000000,
        "otherLiabilities": 0,
        "capitalLeaseObligations": 77297000000,
        "totalLiabilities": 325979000000,
        "preferredStock": 0,
        "commonStock": 109000000,
        "retainedEarnings": 113618000000,
        "accumulatedOtherComprehensiveIncomeLoss": -3040000000,
        "othertotalStockholdersEquity": 91188000000,
        "totalStockholdersEquity": 201875000000,
        "totalEquity": 201875000000,
        "totalLiabilitiesAndStockholdersEquity": 527854000000,
        "minorityInterest": 0,
        "totalLiabilitiesAndTotalEquity": 527854000000,
        "totalInvestments": 15599000000,
        "totalDebt": 135611000000,
        "netDebt": 62224000000
        }
      },
      {
        "symbol": "MSFT",
        "name": "Microsoft Corp.",
        "incomeStatement": {
         "date": "2024-06-30",
        "symbol": "MSFT",
        "reportedCurrency": "USD",
        "cik": "0000789019",
        "fillingDate": "2024-07-30",
        "acceptedDate": "2024-07-30 16:06:22",
        "calendarYear": "2024",
        "period": "FY",
        "revenue": 245122000000,
        "costOfRevenue": 74114000000,
        "grossProfit": 171008000000,
        "grossProfitRatio": 0.6976444383,
        "researchAndDevelopmentExpenses": 29510000000,
        "generalAndAdministrativeExpenses": 7609000000,
        "sellingAndMarketingExpenses": 24456000000,
        "sellingGeneralAndAdministrativeExpenses": 32065000000,
        "otherExpenses": -1319000000,
        "operatingExpenses": 61575000000,
        "costAndExpenses": 135689000000,
        "interestIncome": 3157000000,
        "interestExpense": 2935000000,
        "depreciationAndAmortization": 22287000000,
        "ebitda": 131720000000,
        "ebitdaratio": 0.5373650672,
        "operatingIncome": 109433000000,
        "operatingIncomeRatio": 0.4464429957,
        "totalOtherIncomeExpensesNet": -1646000000,
        "incomeBeforeTax": 107787000000,
        "incomeBeforeTaxRatio": 0.4397279722,
        "incomeTaxExpense": 19651000000,
        "netIncome": 88136000000,
        "netIncomeRatio": 0.3595597294,
        "eps": 11.86,
        "epsdiluted": 11.8,
        "weightedAverageShsOut": 7431000000,
        "weightedAverageShsOutDil": 7469000000
        },
        "balanceSheet": {
        "date": "2024-06-30",
        "symbol": "MSFT",
        "reportedCurrency": "USD",
        "cik": "0000789019",
        "fillingDate": "2024-07-30",
        "acceptedDate": "2024-07-30 16:06:22",
        "calendarYear": "2024",
        "period": "FY",
        "cashAndCashEquivalents": 18315000000,
        "shortTermInvestments": 57228000000,
        "cashAndShortTermInvestments": 75543000000,
        "netReceivables": 56924000000,
        "inventory": 1246000000,
        "otherCurrentAssets": 26021000000,
        "totalCurrentAssets": 159734000000,
        "propertyPlantEquipmentNet": 154552000000,
        "goodwill": 119220000000,
        "intangibleAssets": 27597000000,
        "goodwillAndIntangibleAssets": 146817000000,
        "longTermInvestments": 19519000000,
        "taxAssets": 22270000000,
        "otherNonCurrentAssets": 9271000000,
        "totalNonCurrentAssets": 352429000000,
        "otherAssets": 0,
        "totalAssets": 512163000000,
        "accountPayables": 21996000000,
        "shortTermDebt": 14871000000,
        "taxPayables": 5017000000,
        "deferredRevenue": 57582000000,
        "otherCurrentLiabilities": 30837000000,
        "totalCurrentLiabilities": 125286000000,
        "longTermDebt": 42688000000,
        "deferredRevenueNonCurrent": 2602000000,
        "deferredTaxLiabilitiesNonCurrent": 2618000000,
        "otherNonCurrentLiabilities": 70492000000,
        "totalNonCurrentLiabilities": 118400000000,
        "otherLiabilities": 0,
        "capitalLeaseObligations": 40293000000,
        "totalLiabilities": 243686000000,
        "preferredStock": 0,
        "commonStock": 100923000000,
        "retainedEarnings": 173144000000,
        "accumulatedOtherComprehensiveIncomeLoss": -5590000000,
        "othertotalStockholdersEquity": 0,
        "totalStockholdersEquity": 268477000000,
        "totalEquity": 268477000000,
        "totalLiabilitiesAndStockholdersEquity": 512163000000,
        "minorityInterest": 0,
        "totalLiabilitiesAndTotalEquity": 512163000000,
        "totalInvestments": 76747000000,
        "totalDebt": 97852000000,
        "netDebt": 79537000000
        }
      },
      {
        "symbol": "FB",
        "name": "Meta Platforms Inc.",
        "incomeStatement": {
            "date": "2023-12-31",
            "symbol": "FB",
            "reportedCurrency": "USD",
            "cik": "0001326801",
            "fillingDate": "2024-02-02",
            "acceptedDate": "2024-02-01 19:39:02",
            "calendarYear": "2023",
            "period": "FY",
            "revenue": 134902000000,
            "costOfRevenue": 25959000000,
            "grossProfit": 108943000000,
            "grossProfitRatio": 0.8075714222,
            "researchAndDevelopmentExpenses": 38483000000,
            "generalAndAdministrativeExpenses": 11408000000,
            "sellingAndMarketingExpenses": 12301000000,
            "sellingGeneralAndAdministrativeExpenses": 23709000000,
            "otherExpenses": 1458000000,
            "operatingExpenses": 62192000000,
            "costAndExpenses": 88151000000,
            "interestIncome": 1639000000,
            "interestExpense": 446000000,
            "depreciationAndAmortization": 11178000000,
            "ebitda": 61381000000,
            "ebitdaratio": 0.4550043735,
            "operatingIncome": 50203000000,
            "operatingIncomeRatio": 0.3721442232,
            "totalOtherIncomeExpensesNet": -2775000000,
            "incomeBeforeTax": 47428000000,
            "incomeBeforeTaxRatio": 0.351573735,
            "incomeTaxExpense": 8330000000,
            "netIncome": 39098000000,
            "netIncomeRatio": 0.2898252064,
            "eps": 15.19,
            "epsdiluted": 14.87,
            "weightedAverageShsOut": 2574000000,
            "weightedAverageShsOutDil": 2629000000
        },
        "balanceSheet": {
          "date": "2023-12-31",
        "symbol": "FB",
        "reportedCurrency": "USD",
        "cik": "0001326801",
        "fillingDate": "2024-02-02",
        "acceptedDate": "2024-02-01 19:39:02",
        "calendarYear": "2023",
        "period": "FY",
        "cashAndCashEquivalents": 41862000000,
        "shortTermInvestments": 23541000000,
        "cashAndShortTermInvestments": 65403000000,
        "netReceivables": 16169000000,
        "inventory": 0,
        "otherCurrentAssets": 3793000000,
        "totalCurrentAssets": 85365000000,
        "propertyPlantEquipmentNet": 109881000000,
        "goodwill": 20654000000,
        "intangibleAssets": 788000000,
        "goodwillAndIntangibleAssets": 21442000000,
        "longTermInvestments": 6141000000,
        "taxAssets": 0,
        "otherNonCurrentAssets": 6794000000,
        "totalNonCurrentAssets": 144258000000,
        "otherAssets": 0,
        "totalAssets": 229623000000,
        "accountPayables": 4849000000,
        "shortTermDebt": 1623000000,
        "taxPayables": 3655000000,
        "deferredRevenue": 19982000000,
        "otherCurrentLiabilities": 5506000000,
        "totalCurrentLiabilities": 31960000000,
        "longTermDebt": 35611000000,
        "deferredRevenueNonCurrent": -6950000000,
        "deferredTaxLiabilitiesNonCurrent": 6950000000,
        "otherNonCurrentLiabilities": 8884000000,
        "totalNonCurrentLiabilities": 44495000000,
        "otherLiabilities": 0,
        "capitalLeaseObligations": 18849000000,
        "totalLiabilities": 76455000000,
        "preferredStock": 0,
        "commonStock": 0,
        "retainedEarnings": 82070000000,
        "accumulatedOtherComprehensiveIncomeLoss": -2155000000,
        "othertotalStockholdersEquity": 73253000000,
        "totalStockholdersEquity": 153168000000,
        "totalEquity": 153168000000,
        "totalLiabilitiesAndStockholdersEquity": 229623000000,
        "minorityInterest": 0,
        "totalLiabilitiesAndTotalEquity": 229623000000,
        "totalInvestments": 29682000000,
        "totalDebt": 37234000000,
        "netDebt": -4628000000
        }
      },
      {
        "symbol": "NFLX",
        "name": "Netflix Inc.",
        "incomeStatement": {
          "date": "2023-12-31",
        "symbol": "NFLX",
        "reportedCurrency": "USD",
        "cik": "0001065280",
        "fillingDate": "2024-01-26",
        "acceptedDate": "2024-01-26 16:01:56",
        "calendarYear": "2023",
        "period": "FY",
        "revenue": 33723297000,
        "costOfRevenue": 19715368000,
        "grossProfit": 14007929000,
        "grossProfitRatio": 0.4153783955,
        "researchAndDevelopmentExpenses": 2675758000,
        "generalAndAdministrativeExpenses": 1720285000,
        "sellingAndMarketingExpenses": 2657883000,
        "sellingGeneralAndAdministrativeExpenses": 4378168000,
        "otherExpenses": 0,
        "operatingExpenses": 7053926000,
        "costAndExpenses": 26769294000,
        "interestIncome": 0,
        "interestExpense": 748598000,
        "depreciationAndAmortization": 14554384000,
        "ebitda": 21508387000,
        "ebitdaratio": 0.6377901603,
        "operatingIncome": 6954003000,
        "operatingIncomeRatio": 0.2062076849,
        "totalOtherIncomeExpensesNet": -748598000,
        "incomeBeforeTax": 6205405000,
        "incomeBeforeTaxRatio": 0.1840094401,
        "incomeTaxExpense": 797415000,
        "netIncome": 5407990000,
        "netIncomeRatio": 0.1603636204,
        "eps": 12.25,
        "epsdiluted": 12.03,
        "weightedAverageShsOut": 441571000,
        "weightedAverageShsOutDil": 449498000
        },
        "balanceSheet": {
         "date": "2023-12-31",
        "symbol": "NFLX",
        "reportedCurrency": "USD",
        "cik": "0001065280",
        "fillingDate": "2024-01-26",
        "acceptedDate": "2024-01-26 16:01:56",
        "calendarYear": "2023",
        "period": "FY",
        "cashAndCashEquivalents": 7116913000,
        "shortTermInvestments": 20973000,
        "cashAndShortTermInvestments": 7137886000,
        "netReceivables": 1842054000,
        "inventory": 408936000,
        "otherCurrentAssets": 529257000,
        "totalCurrentAssets": 9918133000,
        "propertyPlantEquipmentNet": 3568343000,
        "goodwill": 0,
        "intangibleAssets": 31658056000,
        "goodwillAndIntangibleAssets": 31658056000,
        "longTermInvestments": 4654000,
        "taxAssets": 1910106000,
        "otherNonCurrentAssets": 2708256000,
        "totalNonCurrentAssets": 39849415000,
        "otherAssets": -1035556000,
        "totalAssets": 48731992000,
        "accountPayables": 747412000,
        "shortTermDebt": 399844000,
        "taxPayables": 0,
        "deferredRevenue": 1442969000,
        "otherCurrentLiabilities": 6270430000,
        "totalCurrentLiabilities": 8860655000,
        "longTermDebt": 14143417000,
        "deferredRevenueNonCurrent": -1035556000,
        "deferredTaxLiabilitiesNonCurrent": 1035556000,
        "otherNonCurrentLiabilities": 5139607000,
        "totalNonCurrentLiabilities": 19283024000,
        "otherLiabilities": 0,
        "capitalLeaseObligations": 2046801000,
        "totalLiabilities": 28143679000,
        "preferredStock": 0,
        "commonStock": 5145172000,
        "retainedEarnings": 22589286000,
        "accumulatedOtherComprehensiveIncomeLoss": -223945000,
        "othertotalStockholdersEquity": -6922200000,
        "totalStockholdersEquity": 20588313000,
        "totalEquity": 20588313000,
        "totalLiabilitiesAndStockholdersEquity": 48731992000,
        "minorityInterest": 0,
        "totalLiabilitiesAndTotalEquity": 48731992000,
        "totalInvestments": 20973000,
        "totalDebt": 14543261000,
        "netDebt": 7426348000
        }
      },
      {
        "symbol": "NVDA",
        "name": "NVIDIA Corp.",
        "incomeStatement": {
          "date": "2024-01-28",
        "symbol": "NVDA",
        "reportedCurrency": "USD",
        "cik": "0001045810",
        "fillingDate": "2024-02-21",
        "acceptedDate": "2024-02-21 16:36:57",
        "calendarYear": "2024",
        "period": "FY",
        "revenue": 60922000000,
        "costOfRevenue": 16621000000,
        "grossProfit": 44301000000,
        "grossProfitRatio": 0.7271757329,
        "researchAndDevelopmentExpenses": 8675000000,
        "generalAndAdministrativeExpenses": 0,
        "sellingAndMarketingExpenses": 0,
        "sellingGeneralAndAdministrativeExpenses": 2654000000,
        "otherExpenses": 237000000,
        "operatingExpenses": 11329000000,
        "costAndExpenses": 27950000000,
        "interestIncome": 866000000,
        "interestExpense": 257000000,
        "depreciationAndAmortization": 1508000000,
        "ebitda": 35583000000,
        "ebitdaratio": 0.5840747185,
        "operatingIncome": 32972000000,
        "operatingIncomeRatio": 0.5412166377,
        "totalOtherIncomeExpensesNet": 237000000,
        "incomeBeforeTax": 33818000000,
        "incomeBeforeTaxRatio": 0.5551032468,
        "incomeTaxExpense": 4058000000,
        "netIncome": 29760000000,
        "netIncomeRatio": 0.4884934835,
        "eps": 1.21,
        "epsdiluted": 1.19,
        "weightedAverageShsOut": 24690000000,
        "weightedAverageShsOutDil": 24940000000
        },
        "balanceSheet": {
          "date": "2024-01-28",
        "symbol": "NVDA",
        "reportedCurrency": "USD",
        "cik": "0001045810",
        "fillingDate": "2024-02-21",
        "acceptedDate": "2024-02-21 16:36:57",
        "calendarYear": "2024",
        "period": "FY",
        "cashAndCashEquivalents": 7280000000,
        "shortTermInvestments": 18704000000,
        "cashAndShortTermInvestments": 25984000000,
        "netReceivables": 9999000000,
        "inventory": 5282000000,
        "otherCurrentAssets": 3080000000,
        "totalCurrentAssets": 44345000000,
        "propertyPlantEquipmentNet": 5260000000,
        "goodwill": 4430000000,
        "intangibleAssets": 1112000000,
        "goodwillAndIntangibleAssets": 5542000000,
        "longTermInvestments": 1546000000,
        "taxAssets": 6081000000,
        "otherNonCurrentAssets": 2954000000,
        "totalNonCurrentAssets": 21383000000,
        "otherAssets": 0,
        "totalAssets": 65728000000,
        "accountPayables": 2699000000,
        "shortTermDebt": 1478000000,
        "taxPayables": 296000000,
        "deferredRevenue": 764000000,
        "otherCurrentLiabilities": 5690000000,
        "totalCurrentLiabilities": 10631000000,
        "longTermDebt": 8459000000,
        "deferredRevenueNonCurrent": 573000000,
        "deferredTaxLiabilitiesNonCurrent": 462000000,
        "otherNonCurrentLiabilities": 2625000000,
        "totalNonCurrentLiabilities": 12119000000,
        "otherLiabilities": 0,
        "capitalLeaseObligations": 1119000000,
        "totalLiabilities": 22750000000,
        "preferredStock": 0,
        "commonStock": 2000000,
        "retainedEarnings": 29817000000,
        "accumulatedOtherComprehensiveIncomeLoss": 27000000,
        "othertotalStockholdersEquity": 13132000000,
        "totalStockholdersEquity": 42978000000,
        "totalEquity": 42978000000,
        "totalLiabilitiesAndStockholdersEquity": 65728000000,
        "minorityInterest": 0,
        "totalLiabilitiesAndTotalEquity": 65728000000,
        "totalInvestments": 20250000000,
        "totalDebt": 11056000000,
        "netDebt": 3776000000
        }
      },
      {
        "symbol": "INTC",
        "name": "Intel Corp.",
        "incomeStatement": {
         "date": "2023-12-30",
        "symbol": "INTC",
        "reportedCurrency": "USD",
        "cik": "0000050863",
        "fillingDate": "2024-01-26",
        "acceptedDate": "2024-01-25 18:38:16",
        "calendarYear": "2023",
        "period": "FY",
        "revenue": 54228000000,
        "costOfRevenue": 32517000000,
        "grossProfit": 21711000000,
        "grossProfitRatio": 0.400365125,
        "researchAndDevelopmentExpenses": 16046000000,
        "generalAndAdministrativeExpenses": 4684000000,
        "sellingAndMarketingExpenses": 950000000,
        "sellingGeneralAndAdministrativeExpenses": 5634000000,
        "otherExpenses": -1297000000,
        "operatingExpenses": 21680000000,
        "costAndExpenses": 54197000000,
        "interestIncome": 1335000000,
        "interestExpense": 878000000,
        "depreciationAndAmortization": 9602000000,
        "ebitda": 11140000000,
        "ebitdaratio": 0.2054289297,
        "operatingIncome": 93000000,
        "operatingIncomeRatio": 0.0017149812,
        "totalOtherIncomeExpensesNet": 102000000,
        "incomeBeforeTax": 762000000,
        "incomeBeforeTaxRatio": 0.0140517814,
        "incomeTaxExpense": -913000000,
        "netIncome": 1689000000,
        "netIncomeRatio": 0.0311462713,
        "eps": 0.4,
        "epsdiluted": 0.4,
        "weightedAverageShsOut": 4190000000,
        "weightedAverageShsOutDil": 4212000000
        },
        "balanceSheet": {
          "date": "2023-12-30",
        "symbol": "INTC",
        "reportedCurrency": "USD",
        "cik": "0000050863",
        "fillingDate": "2024-01-26",
        "acceptedDate": "2024-01-25 18:38:16",
        "calendarYear": "2023",
        "period": "FY",
        "cashAndCashEquivalents": 7079000000,
        "shortTermInvestments": 17955000000,
        "cashAndShortTermInvestments": 25034000000,
        "netReceivables": 3402000000,
        "inventory": 11127000000,
        "otherCurrentAssets": 3706000000,
        "totalCurrentAssets": 43269000000,
        "propertyPlantEquipmentNet": 96647000000,
        "goodwill": 27591000000,
        "intangibleAssets": 4589000000,
        "goodwillAndIntangibleAssets": 32180000000,
        "longTermInvestments": 5829000000,
        "taxAssets": 5459000000,
        "otherNonCurrentAssets": 8188000000,
        "totalNonCurrentAssets": 148303000000,
        "otherAssets": 0,
        "totalAssets": 191572000000,
        "accountPayables": 8578000000,
        "shortTermDebt": 2300000000,
        "taxPayables": 1107000000,
        "deferredRevenue": 1107000000,
        "otherCurrentLiabilities": 16068000000,
        "totalCurrentLiabilities": 28053000000,
        "longTermDebt": 46978000000,
        "deferredRevenueNonCurrent": 0,
        "deferredTaxLiabilitiesNonCurrent": 0,
        "otherNonCurrentLiabilities": 6576000000,
        "totalNonCurrentLiabilities": 53554000000,
        "otherLiabilities": 0,
        "capitalLeaseObligations": 289000000,
        "totalLiabilities": 81607000000,
        "preferredStock": 0,
        "commonStock": 36649000000,
        "retainedEarnings": 69156000000,
        "accumulatedOtherComprehensiveIncomeLoss": -215000000,
        "othertotalStockholdersEquity": 0,
        "totalStockholdersEquity": 105590000000,
        "totalEquity": 109965000000,
        "totalLiabilitiesAndStockholdersEquity": 191572000000,
        "minorityInterest": 4375000000,
        "totalLiabilitiesAndTotalEquity": 191572000000,
        "totalInvestments": 23784000000,
        "totalDebt": 49278000000,
        "netDebt": 42199000000
        }
      },
      {
        "symbol": "CSCO",
        "name": "Cisco Systems Inc.",
        "incomeStatement": {
        "date": "2024-07-27",
        "symbol": "CSCO",
        "reportedCurrency": "USD",
        "cik": "0000858877",
        "fillingDate": "2024-09-05",
        "acceptedDate": "2024-09-05 16:41:20",
        "calendarYear": "2024",
        "period": "FY",
        "revenue": 53803000000,
        "costOfRevenue": 19673000000,
        "grossProfit": 34130000000,
        "grossProfitRatio": 0.6343512444,
        "researchAndDevelopmentExpenses": 7983000000,
        "generalAndAdministrativeExpenses": 2813000000,
        "sellingAndMarketingExpenses": 10364000000,
        "sellingGeneralAndAdministrativeExpenses": 13177000000,
        "otherExpenses": -140000000,
        "operatingExpenses": 21160000000,
        "costAndExpenses": 40833000000,
        "interestIncome": 1365000000,
        "interestExpense": 1006000000,
        "depreciationAndAmortization": 2507000000,
        "ebitda": 15477000000,
        "ebitdaratio": 0.2876605394,
        "operatingIncome": 12970000000,
        "operatingIncomeRatio": 0.2410646246,
        "totalOtherIncomeExpensesNet": -736000000,
        "incomeBeforeTax": 12234000000,
        "incomeBeforeTaxRatio": 0.2273850901,
        "incomeTaxExpense": 1914000000,
        "netIncome": 10320000000,
        "netIncomeRatio": 0.1918108656,
        "eps": 2.55,
        "epsdiluted": 2.54,
        "weightedAverageShsOut": 4043000000,
        "weightedAverageShsOutDil": 4062000000
        },
        "balanceSheet": {
          "date": "2024-07-27",
        "symbol": "CSCO",
        "reportedCurrency": "USD",
        "cik": "0000858877",
        "fillingDate": "2024-09-05",
        "acceptedDate": "2024-09-05 16:41:20",
        "calendarYear": "2024",
        "period": "FY",
        "cashAndCashEquivalents": 7508000000,
        "shortTermInvestments": 10346000000,
        "cashAndShortTermInvestments": 17854000000,
        "netReceivables": 10023000000,
        "inventory": 3373000000,
        "otherCurrentAssets": 5612000000,
        "totalCurrentAssets": 36862000000,
        "propertyPlantEquipmentNet": 2090000000,
        "goodwill": 58660000000,
        "intangibleAssets": 11219000000,
        "goodwillAndIntangibleAssets": 69879000000,
        "longTermInvestments": 3376000000,
        "taxAssets": 6262000000,
        "otherNonCurrentAssets": 5944000000,
        "totalNonCurrentAssets": 87551000000,
        "otherAssets": 0,
        "totalAssets": 124413000000,
        "accountPayables": 2304000000,
        "shortTermDebt": 11341000000,
        "taxPayables": 1439000000,
        "deferredRevenue": 16249000000,
        "otherCurrentLiabilities": 10690000000,
        "totalCurrentLiabilities": 40584000000,
        "longTermDebt": 19621000000,
        "deferredRevenueNonCurrent": 12226000000,
        "deferredTaxLiabilitiesNonCurrent": 0,
        "otherNonCurrentLiabilities": 6525000000,
        "totalNonCurrentLiabilities": 38372000000,
        "otherLiabilities": 0,
        "capitalLeaseObligations": 906000000,
        "totalLiabilities": 78956000000,
        "preferredStock": 0,
        "commonStock": 45800000000,
        "retainedEarnings": 1087000000,
        "accumulatedOtherComprehensiveIncomeLoss": -1430000000,
        "othertotalStockholdersEquity": 0,
        "totalStockholdersEquity": 45457000000,
        "totalEquity": 45457000000,
        "totalLiabilitiesAndStockholdersEquity": 124413000000,
        "minorityInterest": 0,
        "totalLiabilitiesAndTotalEquity": 124413000000,
        "totalInvestments": 13722000000,
        "totalDebt": 30962000000,
        "netDebt": 23454000000
        }
      }
    ]
  }